@Manual{bt2p1specs_usbtransport,
	title			= "{USB} Transport Layer",
	pages			= {17--32},
	volume			= 4,
	crossref		= {bt2p1specs}
}

@Manual{bt2p1specs_sdp,
	title			= "Service Discovery Protocol Specification",
	pages			= {109--168},
	volume			= 3,
	crossref		= {bt2p1specs}
}

@Manual{bt2p1specs_conformance,
	title			= "Bluetooth Compliance Requirements",
	volume			= 0,
	pages			= {32--40},
	crossref		= {bt2p1specs}
}

@Manual{bt2p1specs_coresyshost,
	title			= "Core System Package [Host Volume]",
	volume			= 3,
	crossref		= {bt2p1specs}
}

@Manual{bt2p1specs_transports,
	title			= "Host Controller Interface [Transport Layer]",
	volume			= 4,
	crossref		= {bt2p1specs}
}

@Manual{bt2p1specs,
	title			= "{B}luetooth 2.1 Core + {EDR} Specification",
	organization	= "Bluetooth Special Interest Group (SIG)",
	month			= "July",
	year			= 2007,
}

@Manual{rfcommspecs,
	title			= "{RFCOMM} with {TS} 07.10",
	month			= "June",
	year			= 2003,	
	organization	= "Bluetooth Special Interest Group (SIG)",
}

@Manual{bthidspecs,
	title			= "{H}uman {I}nterface {D}evice ({HID}) Profile, Version 1.0",
	month			= "May",
	year			= 2003,	
	organization	= "Bluetooth Special Interest Group (SIG)",
}

@Misc{ps3reveng,
	title			= "{PS3} and {W}iimote Game Controllers on the {A}rduino {H}ost {S}hield",
	month			= "January",
	year			= 2010,
	url				= "http://www.circuitsathome.com/tag/ps3+bluetooth"
}

@Manual{bma150,
	title			= "Bosch {BMA150} Digital, triaxial acceleration sensor datasheet",
	month			= "May",
	year			= 2008,
	organization	= "Bosch Sensortec"
}

@Manual{lm2595,
	title			= "{LM2595} Power Converter 150k{H}z 1A Step-Down Voltage Regulator datasheet",
	month			= "May",
	year			= 1999,
	organization	= "National Semiconductor"
}

@Manual{adp3308,
	title			= "{ADP3308} Low Dropout Linear Regulator datasheet",
	year			= 1998,
	organization	= "Analog Devices"
}

@Manual{at90usb1287,
	title			= "{AT90USB1287} Datasheet",
	month			= "March",
	year			= 2009,
	organization	= "Atmel Corporation"
}

@Manual{l298,
	title			= "{L298} Dual Full-Bridge Driver Datasheet",
	month			= "January",
	year			= 2000,
	organization	= "ST Microelectronics"
}

@Manual{pca9306,
	title			= "{PCA9306} Dual Bidirectional {I2C} Bus Colatage Level Translator Datasheet",
	month			= "October",
	year			= 2004,
	organization	= "Texas Instruments"
}

@Manual{adg3308,
	title			= "{ADG3308} Low Voltage, 1.15{V} to 5.5{V}, 8-Channel Bidirectional Logic Level Translators Datasheet",
	month			= "September",
	year			= 2007,
	organization	= "Analog Devices"
}

@Manual{inertialone,
	title			= "{AVR4200}: {I}nertial {O}ne ({ATAVRSBIN1}) Hardware Users Guide",
	month			= "November",
	year			= 2010,
	organization	= "Atmel Corporation"
}

@Manual{pressureone,
	title			= "{AVR4201}: {P}ressure {O}ne ({ATAVRSBPR1}) Hardware Users Guide",
	month			= "December",
	year			= 2010,
	organization	= "Atmel Corporation"
}

@Misc{lufa,
	title			= "{L}ightweight {USB} {F}ramework for {A}VRs ({LUFA})",
	year			= 2011,
	author			= "Dean Camera",
	url				= "www.lufa-lib.org"
}

@Misc{fatfs,
	title			= "{FATFs} Filesystem Driver Library",
	year			= 2011,
	url				= "http://www.elm-chan.org/fsw/ff/00index_e.html"
}

@Misc{micropendous,
	title			= "{M}icropendous Development Boards",
	author			= "{M}icropendous {I}nc.",
	year			= 2011,
	url				= "http://www.micropendous.org"
}
